@manual{intel2017man,
  author = {{Intel Corporation}},
  title = {Intel 64 and IA-32 Architectures Software Developer’s Manual},
  year = {2016},
  month = apr,
  organization = {Intel Corporation},
  note = {\url{http://www.intel.com/content/www/us/en/processors/architectures-software-developer-manuals.html},
   visited 2017-08-19}
}

@misc{ wiki:Tricorn,
    author = "{Wikipedia contributors}",
    title = "Tricorn (mathematics) --- {Wikipedia}{,} The Free Encyclopedia",
    year = "2019",
    url = "https://en.wikipedia.org/w/index.php?title=Tricorn_(mathematics)&oldid=884011199",
    note = "[Online; accessed 28-January-2020]"
  }
 @misc{ wiki:BMP,
   author = "Wikipedia",
   title = "Windows Bitmap --- Wikipedia{,} Die freie Enzyklopädie",
   year = "2019",
   url = "https://de.wikipedia.org/w/index.php?title=Windows_Bitmap&oldid=188888830",
   note = "[Online; Stand 25. Januar 2020]"
 }
 @misc{ wiki:Rastergrafik,
   author = "Wikipedia",
   title = "Rastergrafik --- Wikipedia{,} Die freie Enzyklopädie",
   year = "2019",
   url = "https://de.wikipedia.org/w/index.php?title=Rastergrafik&oldid=194627440",
   note = "[Online; Stand 25. Januar 2020]"
 }
@misc{wiki:mandelbrot,
   author = "Wikipedia",
   title = "Mandelbrot-Menge --- Wikipedia{,} Die freie Enzyklopädie",
   year = "2019",
   url = "https://de.wikipedia.org/w/index.php?title=Mandelbrot-Menge&oldid=195308066",
   note = "[Online; Stand 17. Januar 2020]"
 }

 @misc{ wiki:Fraktal,
   author = "Wikipedia",
   title = "Fraktal --- Wikipedia{,} Die freie Enzyklopädie",
   year = "2020",
   url = "https://de.wikipedia.org/w/index.php?title=Fraktal&oldid=195419715",
   note = "[Online; Stand 25. Januar 2020]"
 }


